@article{AnomalyDetectionTechniques,
      AUTHOR =  {G Sandhya Madhuri and Dr. M. Usha Rani},
      TITLE = {Anomaly Detection Techniques Causes and Issues},
      journal = {International Journal of Engineering \& Technology},
      YEAR = {2018},
      URL = {https://www.sciencepubco.com/index.php/ijet/article/view/22791}
 }
 
@article{AComprehensiveSurvey,
    author={Srikanth Thudumu, Philip Branch, Jiong Jin and Jugdutt (Jack) Singh},
    title={A comprehensive survey of anomaly detection techniques for high dimensional big data},
     journal = {Journal of Big Data},
     url  = {https://doi.org/10.1186/s40537-020-00320-x},
    year={2020}
}

@article{EvaluationOfClusterBasedAnomalyDetection,
    author={Ajay Sreenivasulu},
    title={Evaluation of cluster based anomaly detection},
    organization={University of Skövde},
     url  = {https://www.diva-portal.org/smash/get/diva2:1382324/FULLTEXT01.pdf},
    year={2019}
}

@article{AnOverview,
    author={Animesh Patcha and Jung-Min Park},
    title={An overview of anomaly detection techniques: Existing solutions and latest technological trends},
    journal = {ScienceDirect},
     url  = {https://www.sciencedirect.com/science/article/abs/pii/S138912860700062X},
    year={2007}
}

@article{AnomalyDetectionInBigData,
    author={Rasim Alguliyev, Ramiz Aliguliyev and Lyudmila Sukhostat},
    title={Anomaly Detection in Big Data based on Clustering},
    journal = {Statistics Optimization \& Information Computing},
     url  = {https://www.researchgate.net/publication/321448608_Anomaly_Detection_in_Big_Data_based_on_Clustering},
    year={2017}
}

@article{pang2021deep,
  title={Deep learning for anomaly detection: A review},
  author={Pang, Guansong and Shen, Chunhua and Cao, Longbing and Hengel, Anton Van Den},
  journal={ACM Computing Surveys (CSUR)},
  volume={54},
  number={2},
  pages={1--38},
  year={2021},
  publisher={ACM New York, NY, USA}
}

@misc{Dua:2019,
  author = "Dua, Dheeru and Graff, Casey",
  year = "2017",
  title = "{UCI} Machine Learning Repository",
  url = "http://archive.ics.uci.edu/ml",
  institution = "University of California, Irvine, School of Information and Computer Sciences" }

@MISC{GaussianMixtureExplained,
   author =       {Contreras Carrasco, Oscar},
   title =        {Gaussian {M}ixture {M}odels Explained},
   editor =       {Towards Data Science},
   year =         {2019},
   url = {https://towardsdatascience.com/gaussian-mixture-models-explained-6986aaf5a95},
 }
 
@MISC{OutlierAnalysis,
   author =       {Cohen, Ira},
   title =        {Outliers explained: a quick guide to the different types of outliers},
   editor =       {Towards Data Science},
   year =         {2019},
   url = {https://towardsdatascience.com/outliers-analysis-a-quick-guide-to-the-different-types-of-outliers-e41de37e6bf6},
}
 
@MISC{kMeansUsingPython,
   author =       {Fiori, Luigi},
   title =        {K-{M}eans Clustering using {P}ython},
   editor =       {Medium.com},
   year =         {2020},
   url = {https://medium.com/@luigi.fiori.lf0303/k-means-clustering-using-python-db57415d26e6},
}
 
@MISC{DBSCANClustering,
   author =       {Pandey, Pallavi},
   title =        {{DBSCAN} Clustering},
   editor =       {Machine Learning Geek},
   year =         {2020},
   url = {https://machinelearninggeek.com/dbscan-clustering/},
}

@MISC{DBSCANReachability,
   author =       {Debomit Dey},
   title =        {{ML} | {DBSCAN} reachability and connectivity},
   editor =       {GeeksforGeeks},
   year =         {2019},
   url = {https://www.geeksforgeeks.org/ml-dbscan-reachability-and-connectivity/},
}

@misc{normalDistWiki,
   author = "{Wikipedia contributors}",
   title = "Normal distribution --- {W}ikipedia{,} The Free Encyclopedia",
   year = "2022",
   url = "https://en.wikipedia.org/wiki/Normal_distribution",
   note = "[Online; accessed 05-June-2022]"
}
 
@misc{DBSCANWiki,
   author = "{Wikipedia contributors}",
   title = "{DBSCAN} --- {W}ikipedia{,} The Free Encyclopedia",
   year = "2022",
   url = "https://en.wikipedia.org/wiki/DBSCAN",
   note = "[Online; accessed 05-June-2022]"
}


@misc{kMeansWiki,
   author = "{Wikipedia contributors}",
   title = "k-means clustering --- {W}ikipedia{,} The Free Encyclopedia",
   year = "2022",
   url = "https://en.wikipedia.org/wiki/K-means_clustering",
   note = "[Online; accessed 05-June-2022]"
}

@misc{clusterWiki,
   author = "{Wikipedia contributors}",
   title = "Cluster analysis --- {W}ikipedia{,} The Free Encyclopedia",
   year = "2022",
   url = "https://en.wikipedia.org/wiki/Cluster_analysis",
   note = "[Online; accessed 05-June-2022]"
}

@misc{anomalyWiki,
   author = "{Wikipedia contributors}",
   title = "Anomaly detection --- {W}ikipedia{,} The Free Encyclopedia",
   year = "2022",
   url = "https://en.wikipedia.org/wiki/Anomaly_detection",
   note = "[Online; accessed 05-June-2022]"
}

@MISC{popularClusteringModels,
   author =       {Indraneel Dutta Baruah},
   title =        {K-{M}eans, {DBSCAN}, {GMM}, Agglomerative clustering — Mastering the popular models in a segmentation problem},
   editor =       {Towards Data Science},
   year =         {2020},
   url = {https://towardsdatascience.com/k-means-dbscan-gmm-agglomerative-clustering-mastering-the-popular-models-in-a-segmentation-c891a3818e29},
}

@misc{DBSCANParameterEstimation,
   author =       {Tara Mullin},
   title =        {{DBSCAN} Parameter Estimation Using {P}ython},
   editor =       {Medium.com},
   year =         {2020},
   url = {https://medium.com/@tarammullin/dbscan-parameter-estimation-ff8330e3a3bd},
}

@MISC{DBSCANOutlierDetection,
   author =       {Dilip Valeti},
   title =        {{DBSCAN} Algorithm for Fraud Detection \& Outlier Detection in a Data set},
   editor =       {Medium.com},
   year =         {2021},
   url = {https://medium.com/@dilip.voleti/dbscan-algorithm-for-fraud-detection-outlier-detection-in-a-data-set-60a10ad06ea8},
}

@MISC{dataPreparation,
   author =       {Ernst},
   title =        {Outlier detection: data preparation},
   editor =       {donernesto},
   year =         {2019},
   url = {https://donernesto.github.io/blog/outlier-detection-data-preparation/},
}

@MISC{dataPreparationDBSCAN,
   author =       {Ernst},
   title =        {Outlier detection: {DBSCAN}},
   editor =       {donernesto},
   year =         {2019},
   url = {https://donernesto.github.io/blog/outlier-detection-with-dbscan/},
}

@MISC{kmeansAnomaly,
   author =       {Bora Kizil},
   title =        {Introduction to Anomaly Detection in Time-Series Data and {K}-{M}eans Clustering},
   editor =       {Medium.com},
   year =         {2020},
   url = {https://medium.com/swlh/introduction-to-anomaly-detection-in-time-series-data-and-k-means-clustering-5832fb33d8cb},
}
 
@MISC{scalers,
   author =       {scikit-learn developers},
   title =        {Compare the effect of different scalers on data with outliers},
   editor =       {scikit-learn.com},
   year =         {2022},
   url = {https://scikit-learn.org/stable/auto_examples/preprocessing/plot_all_scaling.html},
}

@article{scikit-learn,
	 title={Scikit-learn: Machine Learning in {P}ython},
	 author={Pedregosa, F. and Varoquaux, G. and Gramfort, A. and Michel, V.
		 and Thirion, B. and Grisel, O. and Blondel, M. and Prettenhofer, P.
		 and Weiss, R. and Dubourg, V. and Vanderplas, J. and Passos, A. and
		 Cournapeau, D. and Brucher, M. and Perrot, M. and Duchesnay, E.},
	 journal={Journal of Machine Learning Research},
	 volume={12},
	 pages={2825--2830},
	 year={2011}
}

@MISC{encoding,
   author =       {Jason Brownlee},
   title =        {Ordinal and One-Hot Encodings for Categorical Data},
   editor =       {Machine Learning Mastery},
   year =         {2020},
   url = {https://machinelearningmastery.com/one-hot-encoding-for-categorical-data/},
}

@MISC{anomalyCauses,
   author =       {Ginni},
   title =        {What are the causes of Anomalies?},
   editor =       {tutorialspoint},
   year =         {2022},
   url = {https://www.tutorialspoint.com/what-are-the-causes-of-anomalies},
}

@MISC{anomalyChallenges,
   author =       {Ginni},
   title =        {What are the challenges of Outlier detection?},
   editor =       {tutorialspoint},
   year =         {2022},
   url = {https://www.tutorialspoint.com/what-are-the-challenges-of-outlier-detection},
}

@MISC{GaussianMixtureAnomalyDetection,
   author =       {Agasti Kishor Dukare},
   title =        {Anomaly Detection in {P}ython with {G}aussian {M}ixture {M}odels},
   editor =       {Towards Data Science},
   year =         {2020},
   url = {https://towardsdatascience.com/understanding-anomaly-detection-in-python-using-gaussian-mixture-model-e26e5d06094b},
}

@MISC{GaussianMixtureComponents,
   author =       {Vincenzo Lavorini},
   title =        {Gaussian {M}ixture {M}odel clustering: how to select the number of components (clusters)},
   editor =       {Towards Data Science},
   year =         {2018},
   url = {https://towardsdatascience.com/gaussian-mixture-model-clusterization-how-to-select-the-number-of-components-clusters-553bef45f6e4},
}

@MISC{GaussianMixtureModels,
   author =       {Mohit Deshpande},
   title =        {Clustering with {G}aussian {M}ixture {M}odels},
   editor =       {Python Machine Learning},
   year =         {2020},
   url = {https://pythonmachinelearning.pro/clustering-with-gaussian-mixture-models/},
}

@MISC{GaussianMixtureModels2,
   author =       {Tufan Gupta},
   title =        {Gaussian {M}ixture {M}odel},
   editor =       {GeeksforGeeks},
   year =         {2021},
   url = {https://www.geeksforgeeks.org/gaussian-mixture-model/},
}

@MISC{clusteringMethods,
   author =       {Sauravkaushiki Kaushik},
   title =        {An Introduction to Clustering and different methods of clustering},
   editor =       {analyticsvidhya},
   year =         {2016},
   url = {https://www.analyticsvidhya.com/blog/2016/11/an-introduction-to-clustering-and-different-methods-of-clustering/},
}

@MISC{evaluationMetrics,
   author =       {Manish Pathak},
   title =        {Quick Guide to Evaluation Metrics for Supervised and Unsupervised Machine Learning},
   editor =       {analyticsvidhya},
   year =         {2020},
   url = {https://www.analyticsvidhya.com/blog/2020/10/quick-guide-to-evaluation-metrics-for-supervised-and-unsupervised-machine-learning/},
}

@MISC{evaluationMetrics2,
   author =       {Debomit Dey},
   title =        {Dunn index and {DB} index – Cluster Validity indices | Set 1},
   editor =       {GeeksforGeeks},
   year =         {2022},
   url = {https://www.geeksforgeeks.org/dunn-index-and-db-index-cluster-validity-indices-set-1/?ref=lbp},
}

@article{ComparativeEvaluation,
    author={Markus Goldstein, Seiichi Uchida},
    title={A Comparative Evaluation of Unsupervised Anomaly Detection Algorithms for Multivariate Data},
    organization={Kyushu University, Fukuoka, Japan},
     url  = {https://www.ncbi.nlm.nih.gov/pmc/articles/PMC4836738/pdf/pone.0152173.pdf},
    year={2016}
}

@MISC{DBSCANAlgorithm,
   author =       {Nagesh Singh Chauhan},
   title =        {{DBSCAN} Clustering Algorithm in Machine Learning},
   editor =       {KD nuggets},
   year =         {2022},
   url = {https://www.kdnuggets.com/2020/04/dbscan-clustering-algorithm-machine-learning.html},
}

@MISC{GaussianMixtureExplained2,
   author =       {Cory Maklin},
   title =        {Gaussian {M}ixture {M}odels Clustering Algorithm Explained},
   editor =       {Towards Data Science},
   year =         {2019},
   url = {https://towardsdatascience.com/gaussian-mixture-models-d13a5e915c8e},
}
 
@article{Grupiranje,
    author={Jan Šnajder},
    title={Strojno učenje: 19. Grupiranje},
    organization={UNIZG FER},
     url  = {https://www.fer.unizg.hr/_download/repository/SU-2020-19-Grupiranje[1].pdf},
    year={2021}
}

@article{DBCV,
    author={Moulavi, Davoud and Jaskowiak, Pablo A. and Campello, Ricardo J. G. B. and Zimek, Arthur and Sander, Jörg},
    title={Density-Based Clustering Validation},
    journal={Society for Industrial and Applied Mathematics},
     url  = {https://epubs.siam.org/doi/pdf/10.1137/1.9781611973440.96},
    year={2014}
}

@article{ComparingAlgorithms,
    author={Adam Håkansson, Anton Andrésen},
    title={Comparing unsupervised clustering algorithms to locate uncommon user behavior in public travel data},
    organization={Jönköping University},
     url  = {https://www.diva-portal.org/smash/get/diva2:1439878/FULLTEXT01.pdf},
    year={2020}
}


