@article{AnomalyDetectionTechniques,
      AUTHOR =  {G Sandhya Madhuri and Dr. M. Usha Rani},
      TITLE = {Anomaly Detection Techniques Causes and Issues},
      journal = {International Journal of Engineering \& Technology},
      YEAR = {2018},
      URL = {https://www.sciencepubco.com/index.php/ijet/article/view/22791}
 }
 
@article{AComprehensiveSurvey,
    author={Srikanth Thudumu, Philip Branch, Jiong Jin and Jugdutt (Jack) Singh},
    title={A comprehensive survey of anomaly detection techniques for high dimensional big data},
     journal = {Journal of Big Data},
     url  = {https://doi.org/10.1186/s40537-020-00320-x},
    year={2020}
}

@thesis{EvaluationOfClusterBasedAnomalyDetection,
    author={Ajay Sreenivasulu},
    title={Evaluation of cluster based anomaly detection},
    organization={University of Sk√∂vde},
     url  = {https://www.diva-portal.org/smash/get/diva2:1382324/FULLTEXT01.pdf},
    year={2019}
}

@article{AnOverview,
    author={Animesh Patcha and Jung-Min Park},
    title={An overview of anomaly detection techniques: Existing solutions and latest technological trends},
    journal = {ScienceDirect},
     url  = {https://www.sciencedirect.com/science/article/abs/pii/S138912860700062X},
    year={2007}
}

@article{AnomalyDetectionInBigData,
    author={Rasim Alguliyev, Ramiz Aliguliyev and Lyudmila Sukhostat},
    title={Anomaly Detection in Big Data based on Clustering},
    journal = {Statistics Optimization \& Information Computing},
     url  = {https://www.researchgate.net/publication/321448608_Anomaly_Detection_in_Big_Data_based_on_Clustering},
    year={2017}
}

@article{pang2021deep,
  title={Deep learning for anomaly detection: A review},
  author={Pang, Guansong and Shen, Chunhua and Cao, Longbing and Hengel, Anton Van Den},
  journal={ACM Computing Surveys (CSUR)},
  volume={54},
  number={2},
  pages={1--38},
  year={2021},
  publisher={ACM New York, NY, USA}
}

@misc{Dua:2019,
  author = "Dua, Dheeru and Graff, Casey",
  year = "2017",
  title = "{UCI} Machine Learning Repository",
  url = "http://archive.ics.uci.edu/ml",
  institution = "University of California, Irvine, School of Information and Computer Sciences" }

@MISC{GaussianMixtureExplained,
   author =       {Contreras Carrasco, Oscar},
   title =        {Gaussian Mixture Models Explained},
   editor =       {Towards Data Science},
   year =         {2019},
   url = {https://towardsdatascience.com/gaussian-mixture-models-explained-6986aaf5a95},
 }

